@online{Lovasz2007,
  Author = {L\'aszl\'o {Lov\'asz}},
  Institution = {E"otv"os Lor\Â´ and University},
  Howpublished = {\url{"http://www.cs.elte.hu/~lovasz/eigenvals-x.pdf"}},
  Year = {2007},
  Title = {Eigenvalues of Graphs}
  url = "http://www.cs.elte.hu/~lovasz/eigenvals-x.pdf"
}
@Book{zbMATH05625877,
    Author = {Drago\v s {Cvetkovi\'c} and Peter {Rowlinson} and Slobodan {Simi\'c}},
    Title = {{An introduction to the theory of graph spectra.}},
    ISBN = {978-0-521-13408-8/pbk; 978-0-521-11839-2/hbk},
    Pages = {xi + 364},
    Year = {2010},
    Publisher = {Cambridge: Cambridge University Press},
    Language = {English},
    MSC2010 = {05-02 05C50},
    Zbl = {1211.05002}
}

@Book{zbMATH00740754,
    Author = {Drago\v{s} M. {Cvetkovi\'c} and Michael {Doob} and Horst {Sachs}},
    Title = {{Spectra of graphs. Theory and applications. 3rd rev. a. enl. ed.}},
    Edition = {3rd rev. a. enl. ed.},
    ISBN = {3-335-00407-8},
    Pages = {447},
    Year = {1995},
    Publisher = {Leipzig: J. A. Barth Verlag},
    Language = {English},
    MSC2010 = {05C50 05-02 05C85},
    Zbl = {0824.05046}
}
@Misc{zbMATH03278338,
    Author = {J.N. {Franklin}},
    Title = {{Matrix theory.}},
    Year = {1968},
    Language = {English},
    HowPublished = {{Prentice-Hall Series in Applied Mathematics. Englewood Cliffs, N.J.: Prentice-Hall, Inc. XII, 292 p. (1968).}},
    Zbl = {0174.31501}
}
@misc{1108.1467,
Author = {Mohammad Sal Moslehian},
Title = {Ky Fan inequalities},
Year = {2011},
Eprint = {arXiv:1108.1467},
}

@Book{zbMATH05826340,
    Author = {Stasys {Jukna}},
    Title = {{Extremal combinatorics. With applications in computer science. 2nd ed.}},
    Edition = {2nd ed.},
    ISBN = {978-3-642-17363-9/hbk; 978-3-642-17364-6/ebook},
    Pages = {xxiii + 411},
    Year = {2011},
    Publisher = {Berlin: Springer},
    Language = {English},
    DOI = {10.1007/978-3-642-17364-6},
    MSC2010 = {05-01 05D05 05D10 05D40},
    Zbl = {1239.05001}
}
